<record><leader>00000cas a2200000   4500</leader><controlfield tag="001">1967743</controlfield><controlfield tag="008">760204d191119uuohumn ne      0   a0eng d</controlfield><datafield ind1=" " ind2=" " tag="010"><subfield code="a">sn 83000848 </subfield></datafield><datafield ind1=" " ind2=" " tag="040"><subfield code="a">CWR</subfield><subfield code="b">eng</subfield><subfield code="c">CWR</subfield><subfield code="d">NSD</subfield><subfield code="d">MQN</subfield><subfield code="d">OCL</subfield><subfield code="d">OCLCQ</subfield><subfield code="d">OCLCF</subfield><subfield code="d">OCLCO</subfield></datafield><datafield ind1=" " ind2=" " tag="012"><subfield code="m">d</subfield></datafield><datafield ind1="1" ind2=" " tag="022"><subfield code="a">0745-435X</subfield><subfield code="l">0745-435X</subfield><subfield code="2">1</subfield></datafield><datafield ind1="1" ind2=" " tag="029"><subfield code="a">AU@</subfield><subfield code="b">000020394897</subfield></datafield><datafield ind1=" " ind2=" " tag="042"><subfield code="a">nsdp</subfield></datafield><datafield ind1=" " ind2="0" tag="222"><subfield code="a">Cleveland Lutheran messenger</subfield></datafield><datafield ind1="0" ind2="0" tag="245"><subfield code="a">Cleveland Lutheran messenger.</subfield></datafield><datafield ind1=" " ind2=" " tag="260"><subfield code="a">Cleveland,</subfield><subfield code="b">Federation of the Lutheran Churches of the Synodal Conferences in Greater Cleveland - Publications Committee,</subfield></datafield><datafield ind1=" " ind2=" " tag="300"><subfield code="a">v.</subfield></datafield><datafield ind1=" " ind2=" " tag="310"><subfield code="a">Monthly (except July and Aug.),</subfield><subfield code="b">&lt;Jan. 1983- &gt;</subfield></datafield><datafield ind1=" " ind2=" " tag="321"><subfield code="a">Monthly</subfield></datafield><datafield ind1="0" ind2=" " tag="362"><subfield code="a">v.1-    1911-</subfield></datafield><datafield ind1=" " ind2=" " tag="500"><subfield code="a">Publisher varies: Federation of the Lutheran Churches of the Synodal Conferences in Greater Cleveland - Publications Committee, &lt;Jan. 1945-Apr. 1955&gt;; Greater Cleveland Federation of Lutheran Churches, Inc., - Feb. 1973; Lutheran Council of Greater Cleveland, Mar. 1973-Dec. 1987; Lutheran Communications Ministry, Jan. 1988- .</subfield></datafield><datafield ind1=" " ind2="0" tag="650"><subfield code="a">Lutheran Church</subfield><subfield code="v">Newspapers.</subfield></datafield><datafield ind1=" " ind2="7" tag="655"><subfield code="a">Newspapers.</subfield><subfield code="2">fast</subfield><subfield code="0">(OCoLC)fst01423814</subfield></datafield><datafield ind1=" " ind2="7" tag="650"><subfield code="a">Lutheran Church.</subfield><subfield code="2">fast</subfield><subfield code="0">(OCoLC)fst01003996</subfield></datafield><datafield ind1="2" ind2=" " tag="710"><subfield code="a">Lutheran Council of Greater Cleveland.</subfield></datafield><datafield ind1="0" ind2="0" tag="785"><subfield code="t">Lutheran messenger (Cleveland, Ohio)</subfield><subfield code="x">1060-3832</subfield><subfield code="w">(DLC)sn 91003831</subfield><subfield code="w">(OCoLC)24951767</subfield></datafield><datafield ind1=" " ind2=" " tag="752"><subfield code="a">United States</subfield><subfield code="b">Ohio</subfield><subfield code="c">Cuyahoga</subfield><subfield code="d">Cleveland.</subfield></datafield><datafield ind1=" " ind2=" " tag="936"><subfield code="a">Unknown</subfield><subfield code="a">Jan. 1983</subfield></datafield></record>